@article{doi:10.1002/jcc.21224,
	author = {Martínez, L. and Andrade, R. and Birgin, E. G. and Martínez, J. M.},
	title = {PACKMOL: A package for building initial configurations for molecular dynamics simulations},
	journal = {Journal of Computational Chemistry},
	volume = {30},
	number = {13},
	pages = {2157-2164},
	keywords = {initial configuration, molecular dynamics, packing, large-scale optimization, Packmol},
	doi = {10.1002/jcc.21224},
	url = {https://onlinelibrary.wiley.com/doi/abs/10.1002/jcc.21224},
	eprint = {https://onlinelibrary.wiley.com/doi/pdf/10.1002/jcc.21224},
	year = {2009}
}
@Misc{packmol_step,
	author = {Saxe, P.},
	title = {PACKMOL plug-in for SEAMM},
	month = {oct},
	year = 2020,
	organization = {Molecular Sciences Software Institute (MolSSI)},
	url = {https://github.com/molssi-seamm/packmol_step},
	address = {Blacksburg, VA, USA},
	version = {2020.10.6}
}
