@book{Baehr2016,
  doi = {10.1007/978-3-662-49568-1},
  year = {2016},
  publisher = {Springer Berlin Heidelberg},
  author = {Baehr, Hans Dieter and Kabelac. Stephan},
  title = {Thermodynamik}
}

@article{Bell2014,
  author = {Bell, Ian H. and Wronski, Jorrit and Quoilin, Sylvain and
    Lemort, Vincent},
  title = {Pure and Pseudo-pure Fluid Thermophysical Property Evaluation
    and the Open-Source Thermophysical Property Library CoolProp},
  journal = {Industrial \& Engineering Chemistry Research},
  volume = {53},
  number = {6},
  pages = {2498-2508},
  year = {2014},
  doi = {10.1021/ie4033999}
}

@book{Bswirth2012,
  doi = {10.1007/978-3-8348-8647-7},
  year = {2012},
  publisher = {Vieweg+Teubner Verlag},
  author = {B\"{o}swirth, Leopold and Bschorer, Sabine},
  title = {Technische Str\"{o}mungslehre}
}

@book{Epple2012,
  doi = {10.1007/978-3-7091-1182-6},
  year = {2012},
  publisher = {Springer Vienna},
  editor = {Epple, Bernd and Leithner, Reinhard and Linzer, Wladimir and
  Walter, Heimo},
  title = {Simulation von Kraftwerken und Feuerungen}
}

@misc{GasTurb2018,
  author = {GasTurb GmbH},
  title = {GasTurb 13: Design and Off-Design Performance of Gas Turbines},
  year = {2018}
}

@article{Herning1936,
  author = {Herning, Fritz and Zipperer, L},
  title = {Calculation of the Viscosity of Technical Gas Mixtures From the
    Viscosity of the Individual Gases},
  journal = {Gas-und Wasserfach},
  volume = {79},
  pages = {69-73},
  year = {1936}
}

@Inbook{Nirschl2018,
  author={Nirschl, Hermann},
  editor={Stephan, Peter
  and Mewes, Dieter
  and Kabelac, Stephan
  and Kind, Matthias
  and Schaber, Karlheinz
  and Wetzel, Thomas},
  title={Druckverlust in durchstr{\"o}mten Rohren},
  bookTitle={
    VDI-W{\"a}rmeatlas : Fachlicher Tr{\"a}ger VDI-Gesellschaft
    Verfahrenstechnik und Chemieingenieurwesen
  },
  year={2018},
  publisher={Springer Berlin Heidelberg},
  address={Berlin, Heidelberg},
  pages={1-8},
  doi={10.1007/978-3-662-52991-1_75-2}
}

@article{Plis2016,
  author = {Plis, Marcin and Rusinowski, Henryk},
  title = {Mathematical Modeling of an Axial Compressor in a Gas Turbine
    Cycle.},
  journal = {Journal of Power Technologies},
  volume = {96},
  number = {3},
  pages = {194-199},
  year = {2016}
}

@book{Quaschning2013,
  year = {2013},
  publisher = {Carl Hanser Verlag M\"{u}nchen},
  author = {Quaschning, Volker},
  title = {Regenerative Energiesysteme}
}

@book{Traupel2001,
  doi = {10.1007/978-3-642-17465-0},
  year = {2001},
  publisher = {Springer Berlin Heidelberg},
  author = {Walter Traupel},
  title = {Thermische Turbomaschinen}
}

@article{Janotte2014,
  doi = {10.1016/j.egypro.2014.03.012},
  year = {2014},
  publisher = {Elsevier {BV}},
  volume = {49},
  pages = {109--117},
  author = {
    Janotte, N. and Feckler, G. and K\"{o}tter, J. and Decker, S. and
    Herrmann, U. and Schmitz, M. and L\"{u}pfert, E.},
  title = {
    Dynamic Performance Evaluation of the {HelioTrough}{\textregistered}
    Collector Demonstration Loop{\textendash}Towards a New Benchmark in
    Parabolic Trough Qualification},
  journal = {Energy Procedia}
}

@article{Biscani2020,
  doi = {10.21105/joss.02338},
  year = {2020},
  publisher = {The Open Journal},
  volume = {5},
  number = {53},
  pages = {2338},
  author = {Francesco Biscani and Dario Izzo},
  title = {A parallel global multiobjective framework for optimization: pagmo},
  journal = {Journal of Open Source Software}
}

@article{Witte2020,
  doi = {10.21105/joss.02178},
  year = {2020},
  publisher = {The Open Journal},
  volume = {5},
  number = {49},
  pages = {2178},
  author = {Francesco Witte and Ilja Tuschy},
  title = {{TESPy}: {T}hermal {E}ngineering {S}ystems in {P}ython},
  journal = {Journal of Open Source Software}
}

@book{Lorenzen2014,
  doi = {20.500.12738/6561},
  author = {Peter Lorenzen},
  title = {Das W{\"a}rmenetz als Speicher im Smart Grid: Betriebsf{\"u}hrung
    eines W{\"a}rmenetzesin Kombination mit einem stromgef{\"u}hrten
    Heizkraftwerk},
  year = {2014},
  publisher = {Hochschule für angewandte Wissenschaften Hamburg}
}

@article{Tsatsaronis2007,
  title = {Definitions and nomenclature in exergy analysis and exergoeconomics},
  journal = {Energy},
  volume = {32},
  number = {4},
  pages = {249 - 253},
  year = {2007},
  issn = {0360-5442},
  doi = {10.1016/j.energy.2006.07.002},
  author = {George Tsatsaronis}
}

@book{Zahoransky2019,
  doi = {10.1007/978-3-658-21847-8},
  year = {2019},
  publisher = {Springer Fachmedien Wiesbaden},
  editor = {Richard Zahoransky},
  title = {Energietechnik}
}

@book {Tuschy2001,
  author = {Ilja Tuschy},
  title = {Thermische Hybridkraftwerke zur Krafterzeugung aus Niedertemperaturwärme},
  publisher = {VDI-Verlag},
  year = {2001},
  booktitle = {Fortschritt-Berichte VDI; Reihe 6, Energietechnik; 465},
  address = {Düsseldorf}
}

@inproceedings{Morosuk2005,
  author = {Tatiana Morosuk and George Tsatsaronis},
  title = {Graphical models for splitting physical exergy},
  booktitle = {Proceedings of ECOS 2005},
  editor = {S. Kjelstrup and J.E. Hustad and T. Gundersen and A. Rosjorde},
  publisher = {Tapir academic press},
  venue = {Trondheim, Norway},
  pages = {377--384},
  month = {June},
  year = {2005}
}

@book{Epple2017,
  doi = {10.1007/978-3-7091-4855-6},
  year = {2017},
  publisher = {Springer Vienna},
  editor = {Heimo Walter and Bernd Epple},
  title = {Numerical Simulation of Power Plants and Firing Systems}
}
