
@Article{Howie09_19543373,
    Author={Howie, Bryan N and Donnelly, Peter and Marchini, Jonathan},
    Title={{A flexible and accurate genotype imputation method for the next
            generation of genome-wide association studies}},
    Journal={PLoS genetics},
    Year={2009},
    Volume={5},
    Number={6},
    Pages={e1000529},
    Publisher={Public Library of Science},
    Note={DOI:\href{http://dx.doi.org/10.1371/journal.pgen.1000529}{10.1371/journal.pgen.1000529}}
}

@Article{Howie11_22384356,
    Author={Howie, Bryan and Marchini, Jonathan and Stephens, Matthew},
    Title={{Genotype imputation with thousands of genomes}},
    Year={2011},
    Journal={G3: Genes, Genomes, Genetics},
    Volume={1},
    Number={6},
    Pages={457--470},
    Publisher={Genetics Society of America},
    Note={DOI:\href{http://dx.doi.org/10.1534/g3.111.001198}{10.1534/g3.111.001198}}
}

@Article{Howie12_22820512,
    Author={Howie, Bryan and Fuchsberger, Christian and Stephens, Matthew
            and Marchini, Jonathan and Abecasis, Gon{\c{c}}alo R},
    Title={{Fast and accurate genotype imputation in genome-wide association
            studies through pre-phasing}},
    Journal={Nature Genetics},
    Year={2012},
    Volume={44},
    Number={8},
    Pages={955--959},
    Publisher={Nature Publishing Group},
    Note={DOI:\href{http://dx.doi.org/10.1038/ng.2354}{10.1038/ng.2354}}

}

@Article{Delaneau13_23269371,
    Author={Delaneau, Olivier and Zagury, Jean-Francois and
            Marchini, Jonathan},
    Title={{Improved whole-chromosome phasing for disease and population
            genetic studies}},
    Journal={Nature methods},
    Year={2013},
    Volume={10},
    Number={1},
    Pages={5--6},
    Publisher={Nature Publishing Group},
    Note={DOI:\href{http://dx.doi.org/10.1038/nmeth.2307}{10.1038/nmeth.2307}}
}

@Article{Purcell07_17701901,
    Author={Purcell, Shaun and Neale, Benjamin and Todd-Brown, Kathe and
            Thomas, Lori and Ferreira, Manuel AR and Bender, David and
            Maller, Julian and Sklar, Pamela and De Bakker, Paul IW and
            Daly, Mark J and others},
    Title={{PLINK: a tool set for whole-genome association and population-based
            linkage analyses}},
    Journal={The American Journal of Human Genetics},
    Year={2007},
    Volume={81},
    Number={3},
    Pages={559--575},
    Publisher={Elsevier},
    Note={DOI:\href{http://dx.doi.org/10.1086/519795}{10.1086/519795}}
}

