@article{CoolProp,
    author = {Bell, Ian H. and Wronski, Jorrit and Quoilin, Sylvain and Lemort, Vincent},
    title = {Pure and Pseudo-pure Fluid Thermophysical Property Evaluation and the Open-Source Thermophysical Property Library CoolProp},
    journal = {Industrial \& Engineering Chemistry Research},
    volume = {53},
    number = {6},
    pages = {2498--2508},
    year = {2014},
    doi = {10.1021/ie4033999}
}

@InProceedings{pandas,
    author = {{M}c{K}inney, Wes},
    title = {{D}ata {S}tructures for {S}tatistical {C}omputing in {P}ython},
    booktitle = {{P}roceedings of the 9th {P}ython in {S}cience {C}onference},
    pages = {56--61},
    year = {2010},
    editor = {{S}t\'efan van der {W}alt and {J}arrod {M}illman},
    doi = {10.25080/Majora-92bf1922-00a}
}

@article{SciPy,
    author = {{Virtanen}, Pauli and {Gommers}, Ralf and {Oliphant},
        Travis E. and {Haberland}, Matt and {Reddy}, Tyler and
        {Cournapeau}, David and {Burovski}, Evgeni and {Peterson}, Pearu
        and {Weckesser}, Warren and {Bright}, Jonathan and {van der Walt},
        St{\'e}fan J.  and {Brett}, Matthew and {Wilson}, Joshua and
        {Jarrod Millman}, K.  and {Mayorov}, Nikolay and {Nelson}, Andrew
        R.~J. and {Jones}, Eric and {Kern}, Robert and {Larson}, Eric and
        {Carey}, CJ and {Polat}, {\.I}lhan and {Feng}, Yu and {Moore},
        Eric W. and {Vand erPlas}, Jake and {Laxalde}, Denis and
        {Perktold}, Josef and {Cimrman}, Robert and {Henriksen}, Ian and
        {Quintero}, E.~A. and {Harris}, Charles R and {Archibald}, Anne M.
        and {Ribeiro}, Ant{\^o}nio H. and {Pedregosa}, Fabian and
        {van Mulbregt}, Paul and {Contributors}, SciPy 1. 0},
    title = {SciPy 1.0: Fundamental Algorithms for Scientific
             Computing in Python},
    journal = {Nature Methods},
    year = {2020},
    volume={17},
    pages={261--272},
    doi = {10.1038/s41592-019-0686-2},
}

@article{ThermoPower,
    author = {Casella, Francesco and Leva, Alberto},
    year = {2003},
    month = nov,
    pages = {41--50},
    title = {Modelica open library for power plant simulation: Design and experimental validation},
    journal = {Proc. 3rd Modelica Conference}
}

@misc{ThermoPowerOnline,
    author = {​{Politecnico di Milano}},
    title = {ThermoPower},
    year = {2014},
    howpublished = {\url{https://build.openmodelica.org/Documentation/ThermoPower.html}}
}

@misc{TESPy,
    author = {Witte, Francesco},
    title = {TESPy},
    year = {2020},
    howpublished = {\url{https://tespy.readthedocs.io/}}
}

@article{NumPy,
    doi = {10.1109/mcse.2011.37},
    year = {2011},
    month = mar,
    publisher = {Institute of Electrical and Electronics Engineers ({IEEE})},
    volume = {13},
    number = {2},
    pages = {22--30},
    author = {St{\'{e}}fan van der Walt and S Chris Colbert and Gaël Varoquaux},
    title = {The {NumPy} Array: A Structure for Efficient Numerical Computation},
    journal = {Computing in Science {\&} Engineering}
}

@article{BTES,
    doi = {10.1016/j.applthermaleng.2019.114750},
    year = {2020},
    month = feb,
    publisher = {Elsevier {BV}},
    volume = {167},
    pages = {114750},
    author = {Chen, Shuang and Witte, Francesco and Kolditz, Olaf and Shao,
    Haibing},
    title = {Shifted thermal extraction rates in large Borehole Heat Exchanger array {\textendash} A numerical experiment},
    journal = {Applied Thermal Engineering}
}

@article{CAES,
    author = {Pfeiffer, Wolf-Tilman and Witte, Francesco and Tuschy, Ilja and
    Bauer, Sebastian},
    year = {2019},
    title = {Test cases for a coupled power-plant and geostorage model to
    simulate compressed air energy storage in geological porous media},
    journal = {International Conference on Applied Energy, 12.-15.08.2019,
    Västeras}
}

@book{Baehr,
    doi = {10.1007/978-3-662-49568-1},
    year = {2016},
    publisher = {Springer Berlin Heidelberg},
    author = {Baehr, Hans Dieter and Kabelac. Stephan},
    title = {Thermodynamik}
}

@article{oemof,
    doi = {10.1016/j.esr.2018.07.001},
    year = {2018},
    month = nov,
    publisher = {Elsevier {BV}},
    volume = {22},
    pages = {16--25},
    author = {Hilpert, Simon and Kaldemeyer, Cord and Krien, Uwe and G\"{u}nther, Stephan and Wingenbach, Clemens and Plessmann, Guido},
    title = {The Open Energy Modelling Framework (oemof) - A new approach to facilitate open science in energy system modelling},
    journal = {Energy Strategy Reviews}
}

@misc{ogs,
    doi = {10.5281/zenodo.591265},
    author = {Naumov,  Dmitry Yu. and Fischer, Tom and Bilke, Lars and
        Rink, Karsten and Lehmann, Christoph and Watanabe, Norihiro and
        {Wenqing} and {Renchao.Lu} and Grunwald, Norbert and {Yonghui56} and
        {Jbathmann} and {Chaofan Chen} and {HBShaoUFZ} and {FZill} and
        {Xingyuanmiao} and {ShuangChen88} and {Boyanmeng} and
        Walther, Marc and {Joboog} and {Tianyuan Zheng} and {KeitaYoshioka}
        and {ZhangNing} and {ThieJan} and {Fparisio} and {Joergbuchwald} and
        {Ogsbot} and {Nagelt} and {NoCodeYet} and {Carolinh}},
    title = {ufz/ogs 6.2.2},
    publisher = {Zenodo},
    year = {2020}
}

@book{Epple,
    doi = {10.1007/978-3-7091-1182-6},
    year = {2012},
    publisher = {Springer Vienna},
    editor = {Epple, Bernd and Leithner, Reinhard and Linzer, Wladimir and
    Walter, Heimo},
    title = {{S}imulation von {K}raftwerken und {F}euerungen}
}

@misc{IEA,
    year = {2014},
    author = {{International Energy Agency - IEA}},
    title = {Technology Roadmap - Energy Storage},
    howpublished = {\url{https://www.iea.org/reports/technology-roadmap-energy-storage}}
}

@article{Pfeiffer,
    doi = {10.1144/petgeo2016-050},
    year = {2017},
    month = mar,
    publisher = {Geological Society of London},
    volume = {23},
    number = {3},
    pages = {315--326},
    author = {Wolf Tilmann Pfeiffer and Christof Beyer and Sebastian Bauer},
    title = {Hydrogen storage in a heterogeneous sandstone formation: dimensioning and induced hydraulic effects},
    journal = {Petroleum Geoscience}
}

@article{Herning1936,
    author = {Herning, Fritz and Zipperer, L},
    title = {Calculation of the Viscosity of Technical Gas Mixtures From the
        Viscosity of the Individual Gases},
    journal = {Gas-und Wasserfach},
    volume = {79},
    pages = {69--73},
    year = {1936}
}
