@article{Maynard2020,
  doi       = {10.1016/j.cell.2020.07.017},
  url       = {https://doi.org/10.1016/j.cell.2020.07.017},
  year      = {2020},
  month     = sep,
  publisher = {Elsevier {BV}},
  volume    = {182},
  number    = {5},
  pages     = {1232--1251.e22},
  author    = {Ashley Maynard and Caroline E. McCoach and Julia K. Rotow and Lincoln Harris and Franziska Haderk and D. Lucas Kerr and Elizabeth A. Yu and Erin L. Schenk and Weilun Tan and Alexander Zee and Michelle Tan and Philippe Gui and Tasha Lea and Wei Wu and Anatoly Urisman and Kirk Jones and Rene Sit and Pallav K. Kolli and Eric Seeley and Yaron Gesthalter and Daniel D. Le and Kevin A. Yamauchi and David M. Naeger and Sourav Bandyopadhyay and Khyati Shah and Lauren Cech and Nicholas J. Thomas and Anshal Gupta and Mayra Gonzalez and Hien Do and Lisa Tan and Bianca Bacaltos and Rafael Gomez-Sjoberg and Matthew Gubens and Thierry Jahan and Johannes R. Kratz and David Jablons and Norma Neff and Robert C. Doebele and Jonathan Weissman and Collin M. Blakely and Spyros Darmanis and Trever G. Bivona},
  title     = {Therapy-Induced Evolution of Human Lung Cancer Revealed by Single-Cell {RNA} Sequencing},
  journal   = {Cell}
}

@article{Tirosh2016,
  author  = {Tirosh, I.  and Venteicher, A. S.  and Hebert, C.  and Escalante, L. E.  and Patel, A. P.  and Yizhak, K.  and Fisher, J. M.  and Rodman, C.  and Mount, C.  and Filbin, M. G.  and Neftel, C.  and Desai, N.  and Nyman, J.  and Izar, B.  and Luo, C. C.  and Francis, J. M.  and Patel, A. A.  and Onozato, M. L.  and Riggi, N.  and Livak, K. J.  and Gennert, D.  and Satija, R.  and Nahed, B. V.  and Curry, W. T.  and Martuza, R. L.  and Mylvaganam, R.  and Iafrate, A. J.  and Frosch, M. P.  and Golub, T. R.  and Rivera, M. N.  and Getz, G.  and Rozenblatt-Rosen, O.  and Cahill, D. P.  and Monje, M.  and Bernstein, B. E.  and Louis, D. N.  and Regev, A.  and Suv√†, M. L. },
  title   = {{{S}ingle-cell {R}{N}{A}-seq supports a developmental hierarchy in human oligodendroglioma}},
  journal = {Nature},
  year    = {2016},
  volume  = {539},
  number  = {7628},
  pages   = {309--313},
  month   = {11}
}

