@article{hewish1968,
       author = {{Hewish}, A. and {Bell}, S.~J. and {Pilkington}, J.~D.~H. and
         {Scott}, P.~F. and {Collins}, R.~A.},
        title = "{Observation of a Rapidly Pulsating Radio Source}",
      journal = {\nat},
         year = 1968,
        month = feb,
       volume = {217},
       number = {5130},
        pages = {709-713},
          doi = {10.1038/217709a0},
       adsurl = {https://ui.adsabs.harvard.edu/abs/1968Natur.217..709H},
      adsnote = {Provided by the SAO/NASA Astrophysics Data System}
}

@inproceedings{ransom2019,
       author = {{Ransom}, Scott and {Brazier}, A. and {Chatterjee}, S. and {Cohen}, T. and
         {Cordes}, J.~M. and {DeCesar}, M.~E. and {Demorest}, P.~B. and
         {Hazboun}, J.~S. and {Lam}, M.~T. and {Lynch}, R.~S. and
         {McLaughlin}, M.~A. and {Ransom}, S.~M. and {Siemens}, X. and
         {Taylor}, S.~R. and {Vigeland}, S.~J.},
        title = "{The NANOGrav Program for Gravitational Waves and Fundamental Physics}",
     keywords = {Astrophysics - Instrumentation and Methods for Astrophysics, Astrophysics - High Energy Astrophysical Phenomena, General Relativity and Quantum Cosmology},
    booktitle = {Bulletin of the American Astronomical Society},
         year = 2019,
       volume = {51},
        month = sep,
          eid = {195},
        pages = {195},
archivePrefix = {arXiv},
       eprint = {1908.05356},
 primaryClass = {astro-ph.IM},
       adsurl = {https://ui.adsabs.harvard.edu/abs/2019BAAS...51g.195R},
      adsnote = {Provided by the SAO/NASA Astrophysics Data System}
}

@article{shapiroalbert2020pss,
	archiveprefix = {arXiv},
	author = {Shapiro-Albert, B.~J. and {Hazboun}, J.~S. and {McLaughlin}, M.~A. and {Lam}, M.~T.},
	eprint = {2010.07301},
	journal = {arXiv},
	keywords = {pta, noise mitigation, computational},
	month = {oct},
	primaryclass = {astro-ph.HE},
	title = {A Study in Frequency-Dependent Effects on Precision Pulsar Timing Parameters with the Pulsar Signal Simulator},
	year = {2020}}

@article{numpy,
  author={S. {van der Walt} and S. C. {Colbert} and G. {Varoquaux}},
  doi={10.1109/MCSE.2011.37},
  journal={Computing in Science Engineering},
  title={The NumPy Array: A Structure for Efficient Numerical Computation},
  year={2011},
  volume={13},
  number={2},
  pages={22-30},}

 @article{astropy,
    author = {{Astropy Collaboration} and {Price-Whelan}, A.~M. and {Sip{\H o}cz}, B.~M. and
 	{G{\"u}nther}, H.~M. and {Lim}, P.~L. and {Crawford}, S.~M. and
 	{Conseil}, S. and {Shupe}, D.~L. and {Craig}, M.~W. and {Dencheva}, N. and
 	{Ginsburg}, A. and {VanderPlas}, J.~T. and {Bradley}, L.~D. and
 	{P{\'e}rez-Su{\'a}rez}, D. and {de Val-Borro}, M. and {Aldcroft}, T.~L. and
 	{Cruz}, K.~L. and {Robitaille}, T.~P. and {Tollerud}, E.~J. and
 	{Ardelean}, C. and {Babej}, T. and {Bach}, Y.~P. and {Bachetti}, M. and
 	{Bakanov}, A.~V. and {Bamford}, S.~P. and {Barentsen}, G. and
 	{Barmby}, P. and {Baumbach}, A. and {Berry}, K.~L. and {Biscani}, F. and
 	{Boquien}, M. and {Bostroem}, K.~A. and {Bouma}, L.~G. and {Brammer}, G.~B. and
 	{Bray}, E.~M. and {Breytenbach}, H. and {Buddelmeijer}, H. and
 	{Burke}, D.~J. and {Calderone}, G. and {Cano Rodr{\'{\i}}guez}, J.~L. and
 	{Cara}, M. and {Cardoso}, J.~V.~M. and {Cheedella}, S. and {Copin}, Y. and
 	{Corrales}, L. and {Crichton}, D. and {D'Avella}, D. and {Deil}, C. and
 	{Depagne}, {\'E}. and {Dietrich}, J.~P. and {Donath}, A. and
 	{Droettboom}, M. and {Earl}, N. and {Erben}, T. and {Fabbro}, S. and
 	{Ferreira}, L.~A. and {Finethy}, T. and {Fox}, R.~T. and {Garrison}, L.~H. and
 	{Gibbons}, S.~L.~J. and {Goldstein}, D.~A. and {Gommers}, R. and
 	{Greco}, J.~P. and {Greenfield}, P. and {Groener}, A.~M. and
 	{Grollier}, F. and {Hagen}, A. and {Hirst}, P. and {Homeier}, D. and
 	{Horton}, A.~J. and {Hosseinzadeh}, G. and {Hu}, L. and {Hunkeler}, J.~S. and
 	{Ivezi{\'c}}, {\v Z}. and {Jain}, A. and {Jenness}, T. and {Kanarek}, G. and
 	{Kendrew}, S. and {Kern}, N.~S. and {Kerzendorf}, W.~E. and
 	{Khvalko}, A. and {King}, J. and {Kirkby}, D. and {Kulkarni}, A.~M. and
 	{Kumar}, A. and {Lee}, A. and {Lenz}, D. and {Littlefair}, S.~P. and
 	{Ma}, Z. and {Macleod}, D.~M. and {Mastropietro}, M. and {McCully}, C. and
 	{Montagnac}, S. and {Morris}, B.~M. and {Mueller}, M. and {Mumford}, S.~J. and
 	{Muna}, D. and {Murphy}, N.~A. and {Nelson}, S. and {Nguyen}, G.~H. and
 	{Ninan}, J.~P. and {N{\"o}the}, M. and {Ogaz}, S. and {Oh}, S. and
 	{Parejko}, J.~K. and {Parley}, N. and {Pascual}, S. and {Patil}, R. and
 	{Patil}, A.~A. and {Plunkett}, A.~L. and {Prochaska}, J.~X. and
 	{Rastogi}, T. and {Reddy Janga}, V. and {Sabater}, J. and {Sakurikar}, P. and
 	{Seifert}, M. and {Sherbert}, L.~E. and {Sherwood-Taylor}, H. and
 	{Shih}, A.~Y. and {Sick}, J. and {Silbiger}, M.~T. and {Singanamalla}, S. and
 	{Singer}, L.~P. and {Sladen}, P.~H. and {Sooley}, K.~A. and
 	{Sornarajah}, S. and {Streicher}, O. and {Teuben}, P. and {Thomas}, S.~W. and
 	{Tremblay}, G.~R. and {Turner}, J.~E.~H. and {Terr{\'o}n}, V. and
 	{van Kerkwijk}, M.~H. and {de la Vega}, A. and {Watkins}, L.~L. and
 	{Weaver}, B.~A. and {Whitmore}, J.~B. and {Woillez}, J. and
 	{Zabalza}, V. and {Astropy Contributors}},
     title = "{The Astropy Project: Building an Open-science Project and Status of the v2.0 Core Package}",
   journal = {\aj},
 archivePrefix = "arXiv",
    eprint = {1801.02634},
  primaryClass = "astro-ph.IM",
  keywords = {methods: data analysis, methods: miscellaneous, methods: statistical, reference systems},
      year = 2018,
     month = sep,
    volume = 156,
       eid = {123},
     pages = {123},
       doi = {10.3847/1538-3881/aabc4f},
    adsurl = {https://ui.adsabs.harvard.edu/abs/2018AJ....156..123A},
   adsnote = {Provided by the SAO/NASA Astrophysics Data System}
 }

@article{burke-spolaor,
     author         = "Burke-Spolaor, Sarah and others",
     title          = "{The Astrophysics of Nanohertz Gravitational Waves}",
     journal        = "Astron. Astrophys. Rev.",
     volume         = "27",
     year           = "2019",
     number         = "1",
     pages          = "5",
     doi            = "10.1007/s00159-019-0115-7",
     eprint         = "1811.08826",
     archivePrefix  = "arXiv",
     primaryClass   = "astro-ph.HE",
     SLACcitation   = "%%CITATION = ARXIV:1811.08826;%%"
}

@article{hobbs,
      author         = "Hobbs, George and Dai, Shi",
      title          = "{Gravitational wave research using pulsar timing arrays}",
      journal        = "Natl. Sci. Rev.",
      volume         = "4",
      year           = "2017",
      number         = "5",
      pages          = "707-717",
      doi            = "10.1093/nsr/nwx126",
      eprint         = "1707.01615",
      archivePrefix  = "arXiv",
      primaryClass   = "astro-ph.IM",
      SLACcitation   = "%%CITATION = ARXIV:1707.01615;%%"
}

@article{taylor1975,
       author = {{Hulse}, R.~A. and {Taylor}, J.~H.},
        title = "{Discovery of a pulsar in a binary system.}",
      journal = {\apjl},
     keywords = {Binary Stars, Orbital Elements, Pulsars, Relativistic Effects, Black Holes (Astronomy), Companion Stars, Eccentric Orbits, Mass Ratios, Neutron Stars, Radial Velocity, Velocity Distribution, Astronomy},
         year = 1975,
        month = jan,
       volume = {195},
        pages = {L51-L53},
          doi = {10.1086/181708},
       adsurl = {https://ui.adsabs.harvard.edu/abs/1975ApJ...195L..51H},
      adsnote = {Provided by the SAO/NASA Astrophysics Data System}
}

@article{taylor1982,
	Author = {Taylor, J. H. and Weisberg, J. M.},
	Date-Added = {2019-04-03 10:40:22 -0700},
	Date-Modified = {2019-04-03 10:40:22 -0700},
	Doi = {10.1086/159690},
	Journal = {Astrophys. J.},
	Pages = {908-920},
	Slaccitation = {%%CITATION = ASJOA,253,908;%%},
	Title = {{A new test of general relativity: Gravitational radiation and the binary pulsar PS R 1913+16}},
	Volume = {253},
	Year = {1982},
	Bdsk-Url-1 = {https://doi.org/10.1086/159690}
}

@INPROCEEDINGS{arecibo2019,
       author = {{Roshi}, Anish and {Anderson}, L.~D. and {Araya}, E. and {Balser}, D. and
         {Brisken}, W. and {Brum}, C. and {Campbell}, D. and {Chatterjee}, S. and
         {Churchwell}, E. and {Condon}, J. and {Cordes}, J. and {Cordova}, F. and
         {Fernandez}, Y. and {Gago}, J. and {Ghosh}, T. and {Goldsmith}, P.~F. and
         {Heiles}, C. and {Hickson}, D. and {Jeffs}, B. and {Jones}, K.~M. and
         {Lautenbach}, J. and {Lewis}, B.~M. and {Lynch}, R.~S. and
         {Manoharan}, P.~K. and {Marshall}, S. and {Minchin}, R. and
         {Palliyaguru}, N.~T. and {Perera}, B.~B.~P. and {Perillat}, P. and
         {Pinilla-Alonso}, N. and {Pisano}, D.~J. and {Quintero}, L. and
         {Raizada}, S. and {Ransom}, S.~M. and {Fernandez-Rodriguez}, F.~O. and
         {Salter}, C.~J. and {Santos}, P. and {Sulzer}, M. and {Taylor}, P.~A. and
         {Venditti}, F.~C.~F. and {Venkataraman}, A. and {Virkki}, A.~K. and
         {Wolszczan}, A. and {Womack}, M. and {Zambrano-Marin}, L.~F.},
        title = "{Arecibo Observatory in the Next Decade}",
     keywords = {Astrophysics - Instrumentation and Methods for Astrophysics},
    booktitle = {Bulletin of the American Astronomical Society},
         year = 2019,
       volume = {51},
        month = sep,
          eid = {244},
        pages = {244},
archivePrefix = {arXiv},
       eprint = {1907.06052},
 primaryClass = {astro-ph.IM},
       adsurl = {https://ui.adsabs.harvard.edu/abs/2019BAAS...51g.244R},
      adsnote = {Provided by the SAO/NASA Astrophysics Data System}
}

@INPROCEEDINGS{chime2019,
       author = {{Stairs}, Ingrid and {Kaspi}, Victoria and {Demorest}, Paul and
         {Dobbs}, Matt and {Halpern}, Mark and {Hinshaw}, Gary and {Land
        ecker}, Tom and {Pen}, Ue-Li and {Ransom}, Scott and {Smith}, Kendrick and
         {Vanderlinde}, Keith and {van Kerkwijk}, Marten and
         {Fonseca}, Emmanuel and {Luo}, Jing and {Meyers}, Bradley and
         {Michilli}, Daniele and {Naidu}, Arun and {Ng}, Cherry and
         {Scholz}, Paul and {Tendulkar}, Shriharsh and {Brazier}, Adam and
         {Burke-Spolaor}, Sarah and {Cordes}, James and {Dolch}, Timothy and
         {Hazboun}, Jeffrey and {Lynch}, Ryan and {McLaughlin}, Maura and
         {Mingarelli}, Chiara and {Nice}, David and {Siemens}, Xavier and
         {Stinebring}, Daniel and {Taylor}, Stephen},
        title = "{Pulsar Timing Arrays: Gravitational Waves from Supermassive Black Holes and More}",
     keywords = {astrophysics, Zenodo community lpr2020},
    booktitle = {Canadian Long Range Plan for Astronony and Astrophysics White Papers},
         year = 2019,
       volume = {2020},
        month = oct,
          eid = {16},
        pages = {16},
          doi = {10.5281/zenodo.3756164},
       adsurl = {https://ui.adsabs.harvard.edu/abs/2019clrp.2020...16S},
      adsnote = {Provided by the SAO/NASA Astrophysics Data System}
}

@INPROCEEDINGS{gbt2019,
       author = {{Lynch}, Ryan and {Armentrout}, William P. and {Bonsall}, Amber and
         {Butterfield}, Natalie and {Frayer}, David T. and {Ghigo}, Frank and
         {Ghosh}, Tapasi and {Lockman}, Felix J. and {Maddalena}, Ronald J. and
         {Minter}, Anthony and {Morgan}, Larry and {O'Neil}, Karen L. and
         {Salter}, Christopher and {Seymour}, Andrew and {Skipper}, Joy},
        title = "{Advanced Capabilities for the Green Bank Telescope}",
    booktitle = {Bulletin of the American Astronomical Society},
         year = 2019,
       volume = {51},
        month = sep,
          eid = {151},
        pages = {151},
       adsurl = {https://ui.adsabs.harvard.edu/abs/2019BAAS...51g.151L},
      adsnote = {Provided by the SAO/NASA Astrophysics Data System}
}

@ARTICLE{meertime2020,
       author = {{Bailes}, M. and {Jameson}, A. and {Abbate}, F. and {Barr}, E.~D. and
         {Bhat}, N.~D.~R. and {Bondonneau}, L. and {Burgay}, M. and
         {Buchner}, S.~J. and {Camilo}, F. and {Champion}, D.~J. and
         {Cognard}, I. and {Demorest}, P.~B. and {Freire}, P.~C.~C. and
         {Gautam}, T. and {Geyer}, M. and {Griessmeier}, J. -M. and
         {Guillemot}, L. and {Hu}, H. and {Jankowski}, F. and {Johnston}, S. and
         {Karastergiou}, A. and {Karuppusamy}, R. and {Kaur}, D. and
         {Keith}, M.~J. and {Kramer}, M. and {van Leeuwen}, J. and
         {Lower}, M.~E. and {Maan}, Y. and {McLaughlin}, M.~A. and
         {Meyers}, B.~W. and {Os{\l}owski}, S. and {Oswald}, L.~S. and
         {Parthasarathy}, A. and {Pennucci}, T. and {Posselt}, B. and
         {Possenti}, A. and {Ransom}, S.~M. and {Reardon}, D.~J. and
         {Ridolfi}, A. and {Schollar}, C.~T.~G. and {Serylak}, M. and
         {Shaifullah}, G. and {Shamohammadi}, M. and {Shannon}, R.~M. and
         {Sobey}, C. and {Song}, X. and {Spiewak}, R. and {Stairs}, I.~H. and
         {Stappers}, B.~W. and {van Straten}, W. and {Szary}, A. and
         {Theureau}, G. and {Venkatraman Krishnan}, V. and {Weltevrede}, P. and
         {Wex}, N. and {Abbott}, T.~D. and {Adams}, G.~B. and {Burger}, J.~P. and
         {Gamatham}, R.~R.~G. and {Gouws}, M. and {Horn}, D.~M. and {Hugo}, B. and
         {Joubert}, A.~F. and {Manley}, J.~R. and {McAlpine}, K. and
         {Passmoor}, S.~S. and {Peens-Hough}, A. and {Ramudzuli}, Z.~R. and
         {Rust}, A. and {Salie}, S. and {Schwardt}, L.~C. and {Siebrits}, R. and
         {Van Tonder}, G. and {Van Tonder}, V. and {Welz}, M.~G.},
        title = "{The MeerKAT telescope as a pulsar facility: System verification and early science results from MeerTime}",
      journal = {\pasa},
     keywords = {instrumentation, pulsar processors, pulsar timing, Astrophysics - Instrumentation and Methods for Astrophysics, Astrophysics - High Energy Astrophysical Phenomena, Astrophysics - Solar and Stellar Astrophysics},
         year = 2020,
        month = jul,
       volume = {37},
          eid = {e028},
        pages = {e028},
          doi = {10.1017/pasa.2020.19},
archivePrefix = {arXiv},
       eprint = {2005.14366},
 primaryClass = {astro-ph.IM},
       adsurl = {https://ui.adsabs.harvard.edu/abs/2020PASA...37...28B},
      adsnote = {Provided by the SAO/NASA Astrophysics Data System}
}


@ARTICLE{hotan2004,
	adsnote = {Provided by the SAO/NASA Astrophysics Data System},
	adsurl = {https://ui.adsabs.harvard.edu/abs/2004PASA...21..302H},
	archiveprefix = {arXiv},
	author = {{Hotan}, A.~W. and {van Straten}, W. and {Manchester}, R.~N.},
	doi = {10.1071/AS04022},
	eprint = {astro-ph/0404549},
	journal = {\pasa},
	keywords = {pulsars: general, methods: data analysis, Astrophysics},
	month = jan,
	number = {3},
	pages = {302-309},
	primaryclass = {astro-ph},
	title = {{PSRCHIVE and PSRFITS: An Open Approach to Radio Pulsar Data Storage and Analysis}},
	volume = {21},
	year = 2004,
	Bdsk-Url-1 = {https://doi.org/10.1071/AS04022}
}

@MISC{sigproc2011,
       author = {{Lorimer}, D.~R.},
        title = "{SIGPROC: Pulsar Signal Processing Programs}",
     keywords = {Software},
         year = 2011,
        month = jul,
          eid = {ascl:1107.016},
        pages = {ascl:1107.016},
archivePrefix = {ascl},
       eprint = {1107.016},
          url = {http://sigproc.sourceforge.net/},
       adsurl = {https://ui.adsabs.harvard.edu/abs/2011ascl.soft07016L},
      adsnote = {Provided by the SAO/NASA Astrophysics Data System}
}


@ARTICLE{VanStraten2012,
	adsnote = {Provided by the SAO/NASA Astrophysics Data System},
	adsurl = {http://adsabs.harvard.edu/abs/2012AR%26T....9..237V},
	archiveprefix = {arXiv},
	author = {{van Straten}, W. and {Demorest}, P. and {Oslowski}, S.},
	eprint = {1205.6276},
	journal = {Astronomical Research and Technology},
	keywords = {pulsar, data analysis, software},
	month = jul,
	pages = {237-256},
	primaryclass = {astro-ph.IM},
	title = {{Pulsar Data Analysis with PSRCHIVE}},
	volume = 9,
	year = 2012
}


@MISC{Luo2020,
	adsnote = {Provided by the SAO/NASA Astrophysics Data System},
	adsurl = {https://ui.adsabs.harvard.edu/abs/2019ascl.soft02007L},
	archiveprefix = {ascl},
	author = {{Luo}, Jing and {Ransom}, Scott and {Demorest}, Paul and {van Haasteren}, Rutger and {Ray}, Paul and {Stovall}, Kevin and {Bachetti}, Matteo and {Archibald}, Anne and {Kerr}, Matthew and {Colen}, Jonathan and {Jenet}, Fredrick},
	eid = {ascl:1902.007},
	eprint = {1902.007},
	keywords = {Software},
	month = feb,
	pages = {ascl:1902.007},
	title = {{PINT: High-precision pulsar timing analysis package}},
	year = 2019
}


@misc{tempo2,
	adsnote = {Provided by the SAO/NASA Astrophysics Data System},
	adsurl = {https://ui.adsabs.harvard.edu/abs/2012ascl.soft10015H},
	archiveprefix = {ascl},
	author = {{Hobbs}, George and {Edwards}, Russell},
	eid = {ascl:1210.015},
	eprint = {1210.015},
	keywords = {Software},
	month = oct,
	pages = {ascl:1210.015},
	title = {{Tempo2: Pulsar Timing Package}},
	year = 2012
}
