@article{ricker15,
       author = {{Ricker}, George R. and {Winn}, Joshua N. and {Vanderspek}, Roland and
         {Latham}, David W. and {Bakos}, G{\'a}sp{\'a}r {\'A}. and
         {Bean}, Jacob L. and {Berta-Thompson}, Zachory K. and
         {Brown}, Timothy M. and {Buchhave}, Lars and {Butler}, Nathaniel R.},
        title = "{Transiting Exoplanet Survey Satellite (TESS)}",
      journal = {Journal of Astronomical Telescopes, Instruments, and Systems},
         year = "2015",
        month = "Jan",
       volume = {1},
          eid = {014003},
        pages = {014003},
          doi = {10.1117/1.JATIS.1.1.014003},
       adsurl = {https://ui.adsabs.harvard.edu/abs/2015JATIS...1a4003R},
      adsnote = {Provided by the SAO/NASA Astrophysics Data System}
}


@ARTICLE{eisner19,
       author = {{Eisner}, N.~L. and {Barrag{\'a}n}, O. and {Aigrain}, S. and
         {Lintott}, C. and {Miller}, G. and {Zicher}, N. and {Boyajian}, T.~S. and
         {Brice{\~n}o}, C. and {Bryant}, E.~M. and {Christiansen}, J.~L. and
         {Feinstein}, A.~D. and {Flor-Torres}, L.~M. and {Fridlund}, M. and {Gand
        olfi}, D. and {Gilbert}, J. and {Guerrero}, N. and {Jenkins}, J.~M. and
         {Jones}, K. and {Kristiansen}, M.~H. and {Vanderburg}, A. and
         {Law}, N. and {L{\'o}pez-S{\'a}nchez}, A.~R. and {Mann}, A.~W. and
         {Safron}, E.~J. and {Schwamb}, M.~E. and {Stassun}, K.~G. and
         {Osborn}, H.~P. and {Wang}, J. and {Zic}, A. and {Ziegler}, C. and
         {Barnet}, F. and {Bean}, S.~J. and {Bundy}, D.~M. and {Chetnik}, Z. and
         {Dawson}, J.~L. and {Garstone}, J. and {Stenner}, A.~G. and
         {Huten}, M. and {Larish}, S. and {Melanson}, L.~D. and {Mitchell}, T. and
         {Moore}, C. and {Peltsch}, K. and {Rogers}, D.~J. and {Schuster}, C. and
         {Smith}, D.~S. and {Simister}, D.~J. and {Tanner}, C. and
         {Terentev}, I. and {Tsymbal}, A.},
        title = "{Planet Hunters TESS I: TOI 813, a subgiant hosting a transiting Saturn-sized planet on an 84-day orbit}",
      journal = {\mnras},
     keywords = {methods: statistical, planets and satellites: detection, stars: fundamental parameters, stars: individual (TIC-55525572, TOI 813), Astrophysics - Earth and Planetary Astrophysics},
         year = 2020,
        month = jan,
       volume = {494},
       number = {1},
        pages = {750-763},
          doi = {10.1093/mnras/staa138},
archivePrefix = {arXiv},
       eprint = {1909.09094},
 primaryClass = {astro-ph.EP},
       adsurl = {https://ui.adsabs.harvard.edu/abs/2020MNRAS.494..750E},
      adsnote = {Provided by the SAO/NASA Astrophysics Data System}
}



@ARTICLE{Christiansen2018,
       author = {{Christiansen}, Jessie L. and {Crossfield}, Ian J.~M. and
         {Barentsen}, Geert and {Lintott}, Chris J. and {Barclay}, Thomas and
         {Simmons}, Brooke. D. and {Petigura}, Erik and {Schlieder}, Joshua E. and
         {Dressing}, Courtney D. and {Vanderburg}, Andrew and {Allen}, Campbell and
         {McMaster}, Adam and {Miller}, Grant and {Veldthuis}, Martin and
         {Allen}, Sarah and {Wolfenbarger}, Zach and {Cox}, Brian and
         {Zemiro}, Julia and {Howard}, Andrew W. and {Livingston}, John and
         {Sinukoff}, Evan and {Catron}, Timothy and {Grey}, Andrew and
         {Kusch}, Joshua J.~E. and {Terentev}, Ivan and {Vales}, Martin and
         {Kristiansen}, Martti H.},
        title = "{The K2-138 System: A Near-resonant Chain of Five Sub-Neptune Planets Discovered by Citizen Scientists}",
      journal = {\aj},
     keywords = {eclipses, stars: individual: K2-138, techniques: photometric, techniques: spectroscopic, Astrophysics - Earth and Planetary Astrophysics},
         year = "2018",
        month = "Feb",
       volume = {155},
       number = {2},
          eid = {57},
        pages = {57},
          doi = {10.3847/1538-3881/aa9be0},
archivePrefix = {arXiv},
       eprint = {1801.03874},
 primaryClass = {astro-ph.EP},
       adsurl = {https://ui.adsabs.harvard.edu/abs/2018AJ....155...57C},
      adsnote = {Provided by the SAO/NASA Astrophysics Data System}
}


@ARTICLE{fischer12,
       author = {{Fischer}, Debra A. and {Schwamb}, Megan E. and {Schawinski}, Kevin and
         {Lintott}, Chris and {Brewer}, John and {Giguere}, Matt and
         {Lynn}, Stuart and {Parrish}, Michael and {Sartori}, Thibault and
         {Simpson}, Robert},
        title = "{Planet Hunters: the first two planet candidates identified by the public using the Kepler public archive data}",
      journal = {\mnras},
     keywords = {stars: individual: KIC 10905746, stars: individual: KIC 6185331, planetary systems, Astrophysics - Earth and Planetary Astrophysics},
         year = "2012",
        month = "Feb",
       volume = {419},
       number = {4},
        pages = {2900-2911},
          doi = {10.1111/j.1365-2966.2011.19932.x},
archivePrefix = {arXiv},
       eprint = {1109.4621},
 primaryClass = {astro-ph.EP},
       adsurl = {https://ui.adsabs.harvard.edu/abs/2012MNRAS.419.2900F},
      adsnote = {Provided by the SAO/NASA Astrophysics Data System}
}

@ARTICLE{Stassun19,
       author = {{Stassun}, Keivan G. and {Oelkers}, Ryan J. and {Paegert}, Martin and
         {Torres}, Guillermo and {Pepper}, Joshua and {De Lee}, Nathan and
         {Collins}, Kevin and {Latham}, David W. and {Muirhead}, Philip S. and
         {Chittidi}, Jay and {Rojas-Ayala}, Barbara and {Fleming}, Scott W. and
         {Rose}, Mark E. and {Tenenbaum}, Peter and {Ting}, Eric B. and
         {Kane}, Stephen R. and {Barclay}, Thomas and {Bean}, Jacob L. and
         {Brassuer}, C.~E. and {Charbonneau}, David and {Lissauer}, Jack J. and
         {Mann}, Andrew W. and {McLean}, Brian and {Mulally}, Susan and
         {Narita}, Norio and {Plavchan}, Peter and {Ricker}, George R. and
         {Sasselov}, Dimitar and {Seager}, S. and {Sharma}, Sanjib and
         {Shiao}, Bernie and {Sozzetti}, Alessandro and {Stello}, Dennis and {Vand
        erspek}, Roland and {Wallace}, Geoff and {Winn}, Joshua N.},
        title = "{The Revised TESS Input Catalog and Candidate Target List}",
      journal = {arXiv e-prints},
     keywords = {Astrophysics - Solar and Stellar Astrophysics, Astrophysics - Earth and Planetary Astrophysics},
         year = "2019",
        month = "May",
          eid = {arXiv:1905.10694},
        pages = {arXiv:1905.10694},
archivePrefix = {arXiv},
       eprint = {1905.10694},
 primaryClass = {astro-ph.SR},
       adsurl = {https://ui.adsabs.harvard.edu/abs/2019arXiv190510694S},
      adsnote = {Provided by the SAO/NASA Astrophysics Data System}
}



@ARTICLE{Aigrain04,
       author = {{Aigrain}, S. and {Irwin}, M.},
        title = "{Practical planet prospecting}",
      journal = {\mnras},
     keywords = {methods: data analysis, techniques: photometric, planetary systems, Astrophysics},
         year = "2004",
        month = "May",
       volume = {350},
       number = {1},
        pages = {331-345},
          doi = {10.1111/j.1365-2966.2004.07657.x},
archivePrefix = {arXiv},
       eprint = {astro-ph/0401393},
 primaryClass = {astro-ph},
       adsurl = {https://ui.adsabs.harvard.edu/abs/2004MNRAS.350..331A},
      adsnote = {Provided by the SAO/NASA Astrophysics Data System}
}


@ARTICLE{astropy,
       author = {{Astropy Collaboration} and {Price-Whelan}, A.~M. and
         {Sip{\H{o}}cz}, B.~M. and {G{\"u}nther}, H.~M. and {Lim}, P.~L. and
         {Crawford}, S.~M. and {Conseil}, S. and {Shupe}, D.~L. and
         {Craig}, M.~W. and {Dencheva}, N. and {Ginsburg}, A. and {Vand
        erPlas}, J.~T. and {Bradley}, L.~D. and {P{\'e}rez-Su{\'a}rez}, D. and
         {de Val-Borro}, M. and {Aldcroft}, T.~L. and {Cruz}, K.~L. and
         {Robitaille}, T.~P. and {Tollerud}, E.~J. and {Ardelean}, C. and
         {Babej}, T. and {Bach}, Y.~P. and {Bachetti}, M. and {Bakanov}, A.~V. and
         {Bamford}, S.~P. and {Barentsen}, G. and {Barmby}, P. and
         {Baumbach}, A. and {Berry}, K.~L. and {Biscani}, F. and {Boquien}, M. and
         {Bostroem}, K.~A. and {Bouma}, L.~G. and {Brammer}, G.~B. and
         {Bray}, E.~M. and {Breytenbach}, H. and {Buddelmeijer}, H. and
         {Burke}, D.~J. and {Calderone}, G. and {Cano Rodr{\'\i}guez}, J.~L. and
         {Cara}, M. and {Cardoso}, J.~V.~M. and {Cheedella}, S. and {Copin}, Y. and
         {Corrales}, L. and {Crichton}, D. and {D'Avella}, D. and {Deil}, C. and
         {Depagne}, {\'E}. and {Dietrich}, J.~P. and {Donath}, A. and
         {Droettboom}, M. and {Earl}, N. and {Erben}, T. and {Fabbro}, S. and
         {Ferreira}, L.~A. and {Finethy}, T. and {Fox}, R.~T. and
         {Garrison}, L.~H. and {Gibbons}, S.~L.~J. and {Goldstein}, D.~A. and
         {Gommers}, R. and {Greco}, J.~P. and {Greenfield}, P. and
         {Groener}, A.~M. and {Grollier}, F. and {Hagen}, A. and {Hirst}, P. and
         {Homeier}, D. and {Horton}, A.~J. and {Hosseinzadeh}, G. and {Hu}, L. and
         {Hunkeler}, J.~S. and {Ivezi{\'c}}, {\v{Z}}. and {Jain}, A. and
         {Jenness}, T. and {Kanarek}, G. and {Kendrew}, S. and {Kern}, N.~S. and
         {Kerzendorf}, W.~E. and {Khvalko}, A. and {King}, J. and {Kirkby}, D. and
         {Kulkarni}, A.~M. and {Kumar}, A. and {Lee}, A. and {Lenz}, D. and
         {Littlefair}, S.~P. and {Ma}, Z. and {Macleod}, D.~M. and
         {Mastropietro}, M. and {McCully}, C. and {Montagnac}, S. and
         {Morris}, B.~M. and {Mueller}, M. and {Mumford}, S.~J. and {Muna}, D. and
         {Murphy}, N.~A. and {Nelson}, S. and {Nguyen}, G.~H. and
         {Ninan}, J.~P. and {N{\"o}the}, M. and {Ogaz}, S. and {Oh}, S. and
         {Parejko}, J.~K. and {Parley}, N. and {Pascual}, S. and {Patil}, R. and
         {Patil}, A.~A. and {Plunkett}, A.~L. and {Prochaska}, J.~X. and
         {Rastogi}, T. and {Reddy Janga}, V. and {Sabater}, J. and
         {Sakurikar}, P. and {Seifert}, M. and {Sherbert}, L.~E. and
         {Sherwood-Taylor}, H. and {Shih}, A.~Y. and {Sick}, J. and
         {Silbiger}, M.~T. and {Singanamalla}, S. and {Singer}, L.~P. and
         {Sladen}, P.~H. and {Sooley}, K.~A. and {Sornarajah}, S. and
         {Streicher}, O. and {Teuben}, P. and {Thomas}, S.~W. and
         {Tremblay}, G.~R. and {Turner}, J.~E.~H. and {Terr{\'o}n}, V. and
         {van Kerkwijk}, M.~H. and {de la Vega}, A. and {Watkins}, L.~L. and
         {Weaver}, B.~A. and {Whitmore}, J.~B. and {Woillez}, J. and
         {Zabalza}, V. and {Astropy Contributors}},
        title = "{The Astropy Project: Building an Open-science Project and Status of the v2.0 Core Package}",
      journal = {\aj},
     keywords = {methods: data analysis, methods: miscellaneous, methods: statistical, reference systems, Astrophysics - Instrumentation and Methods for Astrophysics},
         year = "2018",
        month = "Sep",
       volume = {156},
       number = {3},
          eid = {123},
        pages = {123},
          doi = {10.3847/1538-3881/aabc4f},
archivePrefix = {arXiv},
       eprint = {1801.02634},
 primaryClass = {astro-ph.IM},
       adsurl = {https://ui.adsabs.harvard.edu/abs/2018AJ....156..123A},
      adsnote = {Provided by the SAO/NASA Astrophysics Data System}
}



@INPROCEEDINGS{jenkins16,
       author = {{Jenkins}, Jon M. and {Twicken}, Joseph D. and {McCauliff}, Sean and
         {Campbell}, Jennifer and {Sanderfer}, Dwight and {Lung}, David and
         {Mansouri-Samani}, Masoud and {Girouard}, Forrest and
         {Tenenbaum}, Peter and {Klaus}, Todd and {Smith}, Jeffrey C. and
         {Caldwell}, Douglas A. and {Chacon}, A.~D. and {Henze}, Christopher and
         {Heiges}, Cory and {Latham}, David W. and {Morgan}, Edward and
         {Swade}, Daryl and {Rinehart}, Stephen and {Vanderspek}, Roland},
        title = "{The TESS science processing operations center}",
    booktitle = {\procspie},
         year = "2016",
       series = {Society of Photo-Optical Instrumentation Engineers (SPIE) Conference Series},
       volume = {9913},
        month = "Aug",
          eid = {99133E},
        pages = {99133E},
          doi = {10.1117/12.2233418},
       adsurl = {https://ui.adsabs.harvard.edu/abs/2016SPIE.9913E..3EJ},
      adsnote = {Provided by the SAO/NASA Astrophysics Data System}
}


@MISC{brasseur2019,
       author = {{Brasseur}, C.~E. and {Phillip}, Carlita and {Fleming}, Scott W. and
         {Mullally}, S.~E. and {White}, Richard L.},
        title = "{Astrocut: Tools for creating cutouts of TESS images}",
     keywords = {Software},
         year = "2019",
        month = "May",
          eid = {ascl:1905.007},
        pages = {ascl:1905.007},
archivePrefix = {ascl},
       eprint = {1905.007},
       adsurl = {https://ui.adsabs.harvard.edu/abs/2019ascl.soft05007B},
      adsnote = {Provided by the SAO/NASA Astrophysics Data System}
}



@ARTICLE{Stumpe2012,
       author = {{Stumpe}, Martin C. and {Smith}, Jeffrey C. and {Van Cleve}, Jeffrey E. and
         {Twicken}, Joseph D. and {Barclay}, Thomas S. and
         {Fanelli}, Michael N. and {Girouard}, Forrest R. and {Jenkins}, Jon M. and
         {Kolodziejczak}, Jeffery J. and {McCauliff}, Sean D. and
         {Morris}, Robert L.},
        title = "{Kepler Presearch Data Conditioning I{\textemdash}Architecture and Algorithms for Error Correction in Kepler Light Curves}",
      journal = {\pasp},
     keywords = {Astrophysics - Instrumentation and Methods for Astrophysics, Statistics - Applications},
         year = "2012",
        month = "Sep",
       volume = {124},
       number = {919},
        pages = {985},
          doi = {10.1086/667698},
archivePrefix = {arXiv},
       eprint = {1203.1382},
 primaryClass = {astro-ph.IM},
       adsurl = {https://ui.adsabs.harvard.edu/abs/2012PASP..124..985S},
      adsnote = {Provided by the SAO/NASA Astrophysics Data System}
}

@ARTICLE{pyaneti,
       author = {Barrag\'an, O. and Gandolfi, D. and Antoniciello, G.},
        title = "{PYANETI: a fast and powerful software suite for multiplanet radial
        velocity and transit fitting}",
      journal = {\mnras},
     keywords = {methods: numerical, techniques: photometric, techniques: spectroscopic,
        planets and satellites: general, Astrophysics - Earth and
        Planetary Astrophysics, Astrophysics - Instrumentation and
        Methods for Astrophysics, Physics - Data Analysis, Statistics
        and Probability},
         year = 2019,
        month = Jan,
       volume = {482},
        pages = {1017-1030},
          doi = {10.1093/mnras/sty2472},
 primaryClass = {astro-ph.EP},
       adsurl = {https://ui.adsabs.harvard.edu/#abs/2019MNRAS.482.1017B},
      adsnote = {Provided by the SAO/NASA Astrophysics Data System}
}

@ARTICLE{Gaia2018,
       author = {{Gaia Collaboration} and {Brown}, A.~G.~A. and {Vallenari}, A. and
         {Prusti}, T. and {de Bruijne}, J.~H.~J. and {Babusiaux}, C. and
         {Bailer-Jones}, C.~A.~L. and {Biermann}, M. and {Evans}, D.~W. and
         {Eyer}, L. and {Jansen}, F. and {Jordi}, C. and {Klioner}, S.~A. and
         {Lammers}, U. and {Lindegren}, L. and {Luri}, X. and {Mignard}, F. and
         {Panem}, C. and {Pourbaix}, D. and {Randich}, S. and {Sartoretti}, P. and
         {Siddiqui}, H.~I. and {Soubiran}, C. and {van Leeuwen}, F. and
         {Walton}, N.~A. and {Arenou}, F. and {Bastian}, U. and {Cropper}, M. and
         {Drimmel}, R. and {Katz}, D. and {Lattanzi}, M.~G. and {Bakker}, J. and
         {Cacciari}, C. and {Casta{\~n}eda}, J. and {Chaoul}, L. and
         {Cheek}, N. and {De Angeli}, F. and {Fabricius}, C. and {Guerra}, R. and
         {Holl}, B. and {Masana}, E. and {Messineo}, R. and {Mowlavi}, N. and
         {Nienartowicz}, K. and {Panuzzo}, P. and {Portell}, J. and
         {Riello}, M. and {Seabroke}, G.~M. and {Tanga}, P. and
         {Th{\'e}venin}, F. and {Gracia-Abril}, G. and {Comoretto}, G. and
         {Garcia-Reinaldos}, M. and {Teyssier}, D. and {Altmann}, M. and
         {Andrae}, R. and {Audard}, M. and {Bellas-Velidis}, I. and
         {Benson}, K. and {Berthier}, J. and {Blomme}, R. and {Burgess}, P. and
         {Busso}, G. and {Carry}, B. and {Cellino}, A. and {Clementini}, G. and
         {Clotet}, M. and {Creevey}, O. and {Davidson}, M. and {De Ridder}, J. and
         {Delchambre}, L. and {Dell'Oro}, A. and {Ducourant}, C. and
         {Fern{\'a}ndez-Hern{\'a}ndez}, J. and {Fouesneau}, M. and
         {Fr{\'e}mat}, Y. and {Galluccio}, L. and {Garc{\'\i}a-Torres}, M. and
         {Gonz{\'a}lez-N{\'u}{\~n}ez}, J. and {Gonz{\'a}lez-Vidal}, J.~J. and
         {Gosset}, E. and {Guy}, L.~P. and {Halbwachs}, J. -L. and
         {Hambly}, N.~C. and {Harrison}, D.~L. and {Hern{\'a}ndez}, J. and
         {Hestroffer}, D. and {Hodgkin}, S.~T. and {Hutton}, A. and
         {Jasniewicz}, G. and {Jean-Antoine-Piccolo}, A. and {Jordan}, S. and
         {Korn}, A.~J. and {Krone-Martins}, A. and {Lanzafame}, A.~C. and
         {Lebzelter}, T. and {L{\"o}ffler}, W. and {Manteiga}, M. and
         {Marrese}, P.~M. and {Mart{\'\i}n-Fleitas}, J.~M. and {Moitinho}, A. and
         {Mora}, A. and {Muinonen}, K. and {Osinde}, J. and {Pancino}, E. and
         {Pauwels}, T. and {Petit}, J. -M. and {Recio-Blanco}, A. and
         {Richards}, P.~J. and {Rimoldini}, L. and {Robin}, A.~C. and
         {Sarro}, L.~M. and {Siopis}, C. and {Smith}, M. and {Sozzetti}, A. and
         {S{\"u}veges}, M. and {Torra}, J. and {van Reeven}, W. and {Abbas}, U. and
         {Abreu Aramburu}, A. and {Accart}, S. and {Aerts}, C. and
         {Altavilla}, G. and {{\'A}lvarez}, M.~A. and {Alvarez}, R. and
         {Alves}, J. and {Anderson}, R.~I. and {Andrei}, A.~H. and
         {Anglada Varela}, E. and {Antiche}, E. and {Antoja}, T. and
         {Arcay}, B. and {Astraatmadja}, T.~L. and {Bach}, N. and
         {Baker}, S.~G. and {Balaguer-N{\'u}{\~n}ez}, L. and {Balm}, P. and
         {Barache}, C. and {Barata}, C. and {Barbato}, D. and {Barblan}, F. and
         {Barklem}, P.~S. and {Barrado}, D. and {Barros}, M. and
         {Barstow}, M.~A. and {Bartholom{\'e} Mu{\~n}oz}, S. and
         {Bassilana}, J. -L. and {Becciani}, U. and {Bellazzini}, M. and
         {Berihuete}, A. and {Bertone}, S. and {Bianchi}, L. and
         {Bienaym{\'e}}, O. and {Blanco-Cuaresma}, S. and {Boch}, T. and
         {Boeche}, C. and {Bombrun}, A. and {Borrachero}, R. and {Bossini}, D. and
         {Bouquillon}, S. and {Bourda}, G. and {Bragaglia}, A. and
         {Bramante}, L. and {Breddels}, M.~A. and {Bressan}, A. and
         {Brouillet}, N. and {Br{\"u}semeister}, T. and {Brugaletta}, E. and
         {Bucciarelli}, B. and {Burlacu}, A. and {Busonero}, D. and
         {Butkevich}, A.~G. and {Buzzi}, R. and {Caffau}, E. and
         {Cancelliere}, R. and {Cannizzaro}, G. and {Cantat-Gaudin}, T. and
         {Carballo}, R. and {Carlucci}, T. and {Carrasco}, J.~M. and
         {Casamiquela}, L. and {Castellani}, M. and {Castro-Ginard}, A. and
         {Charlot}, P. and {Chemin}, L. and {Chiavassa}, A. and {Cocozza}, G. and
         {Costigan}, G. and {Cowell}, S. and {Crifo}, F. and {Crosta}, M. and
         {Crowley}, C. and {Cuypers}, J. and {Dafonte}, C. and {Damerdji}, Y. and
         {Dapergolas}, A. and {David}, P. and {David}, M. and {de Laverny}, P. and
         {De Luise}, F. and {De March}, R. and {de Martino}, D. and
         {de Souza}, R. and {de Torres}, A. and {Debosscher}, J. and
         {del Pozo}, E. and {Delbo}, M. and {Delgado}, A. and {Delgado}, H.~E. and
         {Di Matteo}, P. and {Diakite}, S. and {Diener}, C. and {Distefano}, E. and
         {Dolding}, C. and {Drazinos}, P. and {Dur{\'a}n}, J. and
         {Edvardsson}, B. and {Enke}, H. and {Eriksson}, K. and {Esquej}, P. and
         {Eynard Bontemps}, G. and {Fabre}, C. and {Fabrizio}, M. and
         {Faigler}, S. and {Falc{\~a}o}, A.~J. and {Farr{\`a}s Casas}, M. and
         {Federici}, L. and {Fedorets}, G. and {Fernique}, P. and
         {Figueras}, F. and {Filippi}, F. and {Findeisen}, K. and {Fonti}, A. and
         {Fraile}, E. and {Fraser}, M. and {Fr{\'e}zouls}, B. and {Gai}, M. and
         {Galleti}, S. and {Garabato}, D. and {Garc{\'\i}a-Sedano}, F. and
         {Garofalo}, A. and {Garralda}, N. and {Gavel}, A. and {Gavras}, P. and
         {Gerssen}, J. and {Geyer}, R. and {Giacobbe}, P. and {Gilmore}, G. and
         {Girona}, S. and {Giuffrida}, G. and {Glass}, F. and {Gomes}, M. and
         {Granvik}, M. and {Gueguen}, A. and {Guerrier}, A. and {Guiraud}, J. and
         {Guti{\'e}rrez-S{\'a}nchez}, R. and {Haigron}, R. and
         {Hatzidimitriou}, D. and {Hauser}, M. and {Haywood}, M. and
         {Heiter}, U. and {Helmi}, A. and {Heu}, J. and {Hilger}, T. and
         {Hobbs}, D. and {Hofmann}, W. and {Holland}, G. and {Huckle}, H.~E. and
         {Hypki}, A. and {Icardi}, V. and {Jan{\ss}en}, K. and
         {Jevardat de Fombelle}, G. and {Jonker}, P.~G. and
         {Juh{\'a}sz}, {\'A}. L. and {Julbe}, F. and {Karampelas}, A. and
         {Kewley}, A. and {Klar}, J. and {Kochoska}, A. and {Kohley}, R. and
         {Kolenberg}, K. and {Kontizas}, M. and {Kontizas}, E. and
         {Koposov}, S.~E. and {Kordopatis}, G. and {Kostrzewa-Rutkowska}, Z. and
         {Koubsky}, P. and {Lambert}, S. and {Lanza}, A.~F. and {Lasne}, Y. and
         {Lavigne}, J. -B. and {Le Fustec}, Y. and {Le Poncin-Lafitte}, C. and
         {Lebreton}, Y. and {Leccia}, S. and {Leclerc}, N. and
         {Lecoeur-Taibi}, I. and {Lenhardt}, H. and {Leroux}, F. and {Liao}, S. and
         {Licata}, E. and {Lindstr{\o}m}, H.~E.~P. and {Lister}, T.~A. and
         {Livanou}, E. and {Lobel}, A. and {L{\'o}pez}, M. and {Managau}, S. and
         {Mann}, R.~G. and {Mantelet}, G. and {Marchal}, O. and
         {Marchant}, J.~M. and {Marconi}, M. and {Marinoni}, S. and
         {Marschalk{\'o}}, G. and {Marshall}, D.~J. and {Martino}, M. and
         {Marton}, G. and {Mary}, N. and {Massari}, D. and
         {Matijevi{\v{c}}}, G. and {Mazeh}, T. and {McMillan}, P.~J. and
         {Messina}, S. and {Michalik}, D. and {Millar}, N.~R. and {Molina}, D. and
         {Molinaro}, R. and {Moln{\'a}r}, L. and {Montegriffo}, P. and
         {Mor}, R. and {Morbidelli}, R. and {Morel}, T. and {Morris}, D. and
         {Mulone}, A.~F. and {Muraveva}, T. and {Musella}, I. and
         {Nelemans}, G. and {Nicastro}, L. and {Noval}, L. and {O'Mullane}, W. and
         {Ord{\'e}novic}, C. and {Ord{\'o}{\~n}ez-Blanco}, D. and {Osborne}, P. and
         {Pagani}, C. and {Pagano}, I. and {Pailler}, F. and {Palacin}, H. and
         {Palaversa}, L. and {Panahi}, A. and {Pawlak}, M. and
         {Piersimoni}, A.~M. and {Pineau}, F. -X. and {Plachy}, E. and
         {Plum}, G. and {Poggio}, E. and {Poujoulet}, E. and {Pr{\v{s}}a}, A. and
         {Pulone}, L. and {Racero}, E. and {Ragaini}, S. and {Rambaux}, N. and
         {Ramos-Lerate}, M. and {Regibo}, S. and {Reyl{\'e}}, C. and
         {Riclet}, F. and {Ripepi}, V. and {Riva}, A. and {Rivard}, A. and
         {Rixon}, G. and {Roegiers}, T. and {Roelens}, M. and
         {Romero-G{\'o}mez}, M. and {Rowell}, N. and {Royer}, F. and
         {Ruiz-Dern}, L. and {Sadowski}, G. and {Sagrist{\`a} Sell{\'e}s}, T. and
         {Sahlmann}, J. and {Salgado}, J. and {Salguero}, E. and {Sanna}, N. and
         {Santana-Ros}, T. and {Sarasso}, M. and {Savietto}, H. and
         {Schultheis}, M. and {Sciacca}, E. and {Segol}, M. and
         {Segovia}, J.~C. and {S{\'e}gransan}, D. and {Shih}, I. -C. and
         {Siltala}, L. and {Silva}, A.~F. and {Smart}, R.~L. and {Smith}, K.~W. and
         {Solano}, E. and {Solitro}, F. and {Sordo}, R. and {Soria Nieto}, S. and
         {Souchay}, J. and {Spagna}, A. and {Spoto}, F. and {Stampa}, U. and
         {Steele}, I.~A. and {Steidelm{\"u}ller}, H. and {Stephenson}, C.~A. and
         {Stoev}, H. and {Suess}, F.~F. and {Surdej}, J. and {Szabados}, L. and
         {Szegedi-Elek}, E. and {Tapiador}, D. and {Taris}, F. and {Tauran}, G. and
         {Taylor}, M.~B. and {Teixeira}, R. and {Terrett}, D. and {Teyssand
        ier}, P. and {Thuillot}, W. and {Titarenko}, A. and {Torra Clotet}, F. and
         {Turon}, C. and {Ulla}, A. and {Utrilla}, E. and {Uzzi}, S. and
         {Vaillant}, M. and {Valentini}, G. and {Valette}, V. and
         {van Elteren}, A. and {Van Hemelryck}, E. and {van Leeuwen}, M. and
         {Vaschetto}, M. and {Vecchiato}, A. and {Veljanoski}, J. and
         {Viala}, Y. and {Vicente}, D. and {Vogt}, S. and {von Essen}, C. and
         {Voss}, H. and {Votruba}, V. and {Voutsinas}, S. and {Walmsley}, G. and
         {Weiler}, M. and {Wertz}, O. and {Wevers}, T. and {Wyrzykowski}, {\L}. and
         {Yoldas}, A. and {{\v{Z}}erjal}, M. and {Ziaeepour}, H. and
         {Zorec}, J. and {Zschocke}, S. and {Zucker}, S. and {Zurbach}, C. and
         {Zwitter}, T.},
        title = "{Gaia Data Release 2. Summary of the contents and survey properties}",
      journal = {\aap},
     keywords = {catalogs, astrometry, techniques: radial velocities, stars: fundamental parameters, stars: variables: general, minor planets, asteroids: general, Astrophysics - Astrophysics of Galaxies, Astrophysics - Instrumentation and Methods for Astrophysics},
         year = "2018",
        month = "Aug",
       volume = {616},
          eid = {A1},
        pages = {A1},
          doi = {10.1051/0004-6361/201833051},
archivePrefix = {arXiv},
       eprint = {1804.09365},
 primaryClass = {astro-ph.GA},
       adsurl = {https://ui.adsabs.harvard.edu/abs/2018A&A...616A...1G},
      adsnote = {Provided by the SAO/NASA Astrophysics Data System}
}


@article{2018lightkurve,
  title="{Lightkurve: Kepler and TESS time series analysis in Python}",
  author={Cardoso, Jos{\'e} Vin{\'\i}cius de Miranda and Hedges, Christina and Gully-Santiago, Michael and Saunders, Nicholas and Cody, Ann Marie and Barclay, Thomas and Hall, Oliver and Sagear, Sheila and Turtelboom, Emma and Zhang, Johnny and others},
  journal={Astrophysics Source Code Library},
  year={2018}
}


@INPROCEEDINGS{exofop2019AAS,
       author = {{Akeson}, Rachel and {Christiansen}, Jessie},
        title = "{TESS Follow-up Observing Program Working Group (TFOP WG): The ExoFOP-TESS Website}",
    booktitle = {American Astronomical Society Meeting Abstracts \#233},
         year = "2019",
       series = {American Astronomical Society Meeting Abstracts},
       volume = {233},
        month = "Jan",
          eid = {140.09},
        pages = {140.09},
       adsurl = {https://ui.adsabs.harvard.edu/abs/2019AAS...23314009A},
      adsnote = {Provided by the SAO/NASA Astrophysics Data System}
}

@article{borucki2010kepler,
  title={Kepler planet-detection mission: introduction and first results},
  author={Borucki, William J and Koch, David and Basri, Gibor and Batalha, Natalie and Brown, Timothy and Caldwell, Douglas and Caldwell, John and Christensen-Dalsgaard, J{\o}rgen and Cochran, William D and DeVore, Edna and others},
  journal={Science},
  volume={327},
  number={5968},
  pages={977--980},
  year={2010},
  publisher={American Association for the Advancement of Science}
}

@INPROCEEDINGS{2019QLP,
       author = {{Huang}, Xu and {Burt}, Jennifer and {Vanderburg}, Andrew and
         {Gunther}, Maximillian and {Shporer}, Avi and {Dittmann}, Jason and
         {Winn}, Joshua},
        title = "{A Quick look into the first discoveries of TESS}",
    booktitle = {American Astronomical Society Meeting Abstracts \#233},
         year = 2019,
       series = {American Astronomical Society Meeting Abstracts},
       volume = {233},
        month = jan,
          eid = {209.08},
        pages = {209.08},
       adsurl = {https://ui.adsabs.harvard.edu/abs/2019AAS...23320908H},
      adsnote = {Provided by the SAO/NASA Astrophysics Data System}
}



@ARTICLE{2019eleanor,
       author = {{Feinstein}, Adina D. and {Montet}, Benjamin T. and
         {Foreman-Mackey}, Daniel and {Bedell}, Megan E. and
         {Saunders}, Nicholas and {Bean}, Jacob L. and
         {Christiansen}, Jessie L. and {Hedges}, Christina and {Luger}, Rodrigo and
         {Scolnic}, Daniel and {Cardoso}, Jos{\'e} Vin{\'\i}cius de Miranda},
        title = "{eleanor: An Open-source Tool for Extracting Light Curves from the TESS Full-frame Images}",
      journal = {\pasp},
     keywords = {Astrophysics - Instrumentation and Methods for Astrophysics, Astrophysics - Earth and Planetary Astrophysics, Astrophysics - Solar and Stellar Astrophysics},
         year = 2019,
        month = sep,
       volume = {131},
       number = {1003},
        pages = {094502},
          doi = {10.1088/1538-3873/ab291c},
archivePrefix = {arXiv},
       eprint = {1903.09152},
 primaryClass = {astro-ph.IM},
       adsurl = {https://ui.adsabs.harvard.edu/abs/2019PASP..131i4502F},
      adsnote = {Provided by the SAO/NASA Astrophysics Data System}
}


